@article{jeong2022metaverse,
  author = {Jeong, Ji-Hoon and Shin, Dong-Hee and Choi, Hyung-Jin},
  title = {Metaverse in education: A systematic review of the literature},
  journal = {Educational Technology Research and Development},
  volume = {70},
  number = {2},
  pages = {1459--1482},
  year = {2022},
}

@article{jeon2021case,
  author = {Jeon, So-Hyun and Jung, In-Ja},
  title = {A case study of using the metaverse platform to teach English to elementary school students in South Korea},
  journal = {Journal of Educational Technology & Society},
  volume = {24},
  number = {1},
  pages = {221--233},
  year = {2021},
}

@article{kanematsu2022design,
  author = {Kanematsu, Motohiro and Umetsu, Yuki and Sugimoto, Kiyotaka},
  title = {Design and evaluation of a metaverse-based learning experience for teaching science to middle school students},
  journal = {Computers & Education},
  volume = {183},
  pages = {101513},
  year = {2022},
}

@article{farjami2022teachers,
  author = {Farjami, Fatemeh and Farajzadeh, Zahra and Asgari, Mahmood},
  title = {Teachers' experiences with using the metaverse in education: A survey study},
  journal = {International Journal of Educational Technology in Higher Education},
  volume = {29},
  number = {3},
  pages = {1--26},
  year = {2022},
}
