@article{article_example,
  author    = {Author, A.},
  title     = {Title of the Article},
  journal   = {Journal Name},
  year      = {2023},
  volume    = {X},
  pages     = {Y-Z},
  doi       = {10.12345/abc},
}

@book{book_example,
  author    = {Author, B.},
  title     = {Title of the Book},
  publisher = {Publisher Name},
  year      = {2021},
  isbn      = {123-456-789},
}

@inproceedings{conference_example,
  author    = {Author, C.},
  title     = {Title of the Conference Paper},
  booktitle = {Proceedings of the Conference},
  year      = {2022},
  pages     = {A-B},
}

@techreport{techreport_example,
  author      = {Author, D.},
  title       = {Title of the Technical Report},
  institution = {Institution Name},
  year        = {2020},
}

@thesis{thesis_example,
  author      = {Author, E.},
  title       = {Title of the Thesis},
  school      = {University Name},
  year        = {2019},
}

@online{website_example,
  author      = {Author, F.},
  title       = {Title of the Webpage},
  year        = {2018},
  url         = {https://www.example.com},
  urldate     = {2023-04-10},
}
